@unpublished{unknown-unknown-GuidanceandControl,
  title     = {{G}uidance and {C}ontrol of {O}cean {V}ehicles},
  author    = {{F}ossen, {T}hor {I}.},
  file      = {FULLTEXT:pdfs/000/000/000000019.pdf:PDF}
}

@unpublished{Olivieri-unknown-TOWINGTANKEXPERIME,
  title     = {{TOWING} {TANK} {EXPERIMENTS} {OF} {RESISTANCE}, {SINKAGE} {AND} {TRIM},
               {BOUNDARY} {LAYER}, {WAKE}, {AND} {FREE} {SURFACE} {FLOW} {AROUND} {A}
               {NAVAL} {COMBATANT} {INSEAN} 2340 {MODEL}},
  author    = {{O}livieri, {A}},
  file      = {FULLTEXT:pdfs/000/000/000000038.pdf:PDF}
}

@unpublished{VanOossanen-1975-FurtherComputer-Ana,
  title     = {{F}urther {C}omputer-{A}nalyzed {D}ata of the {W}ageningen {B}-{S}crew
               {S}eries},
  author    = {{V}an {O}ossanen, {P}eter},
  year      = {1975},
  month     = {7},
  file      = {FULLTEXT:pdfs/000/000/000000037.pdf:PDF}
}

@techreport{Bernitsas-1981-KtKqandEfficienc,
  title     = {{K}t, {K}q and {E}fficiency {C}urves for the {W}ageningen {B}-{S}eries
               {P}ropellers},
  author    = {{B}ernitsas, {M}.{M}.},
  institution= {},
  year      = {1981},
  month     = {5},
  file      = {FULLTEXT:pdfs/000/000/000000036.pdf:PDF}
}

@conference{Muggiasca-unknown-InfluenceOfHeelOn,
  title     = {{I}nfluence {O}f {H}eel {O}n {Y}acht {S}ailplan {P}erformace},
  author    = {{M}uggiasca, {S}ara and {F}ossati, {F}abio},
  booktitle = {},
  series    = {},
  file      = {FULLTEXT:pdfs/000/000/000000035.pdf:PDF}
}

@unpublished{unknown-unknown-GuidanceandControl,
  title     = {{G}uidance and {C}ontrol of {O}cean {V}ehicles},
  author    = {{F}ossen, {T}hor {I}.},
  file      = {FULLTEXT:pdfs/000/000/000000019.pdf:PDF}
}

@Article{ODE,
author="Russell Smith",
title="Open Dynamics Engine (www.ode.org)"
}
